<record><leader>00000cas a2200000 a 4500</leader><controlfield tag="001">11837346</controlfield><controlfield tag="008">850322d19271968kyuwr ne      0    0eng d</controlfield><datafield ind1=" " ind2=" " tag="010"><subfield code="a">sn 85052031 </subfield></datafield><datafield ind1=" " ind2=" " tag="040"><subfield code="a">KNP</subfield><subfield code="b">eng</subfield><subfield code="c">KNP</subfield><subfield code="d">OCL</subfield><subfield code="d">OCLCQ</subfield></datafield><datafield ind1=" " ind2=" " tag="042"><subfield code="a">msc</subfield></datafield><datafield ind1="0" ind2="4" tag="245"><subfield code="a">The Estill herald.</subfield></datafield><datafield ind1=" " ind2=" " tag="260"><subfield code="a">Irvine, Ky. :</subfield><subfield code="b">Hovermale-Elam Co.,</subfield><subfield code="c">-1968.</subfield></datafield><datafield ind1=" " ind2=" " tag="300"><subfield code="a">v. :</subfield><subfield code="b">ill.</subfield></datafield><datafield ind1=" " ind2=" " tag="310"><subfield code="a">Weekly</subfield></datafield><datafield ind1=" " ind2=" " tag="321"><subfield code="a">Weekly</subfield></datafield><datafield ind1=" " ind2=" " tag="321"><subfield code="a">Semiweekly</subfield></datafield><datafield ind1="1" ind2=" " tag="362"><subfield code="a">Began in 1927.</subfield><subfield code="z">Cf. Ayer, 1928.</subfield></datafield><datafield ind1="0" ind2=" " tag="362"><subfield code="a">-v. 42, no. 29 (Sept. 26, 1968).</subfield></datafield><datafield ind1=" " ind2=" " tag="588"><subfield code="a">Description based on: Vol. 1, no. 4 (Mar. 31, 1927).</subfield></datafield><datafield ind1=" " ind2="4" tag="651"><subfield code="a">Estill County (Ky.)</subfield><subfield code="v">Newspapers.</subfield></datafield><datafield ind1=" " ind2="4" tag="651"><subfield code="a">Irvine (Ky.)</subfield><subfield code="v">Newspapers.</subfield></datafield><datafield ind1=" " ind2=" " tag="752"><subfield code="a">United States</subfield><subfield code="b">Kentucky</subfield><subfield code="c">Estill</subfield><subfield code="d">Irvine.</subfield></datafield><datafield ind1="0" ind2="7" tag="785"><subfield code="t">Irvine times</subfield><subfield code="w">(DLC)sn 85052029</subfield></datafield><datafield ind1="0" ind2="7" tag="785"><subfield code="t">Irvine times-herald</subfield><subfield code="w">(DLC)sn 85052028</subfield></datafield></record>